<record><leader>00000cas a22000007a 4500</leader><controlfield tag="001">13830499</controlfield><controlfield tag="008">860708d19231923iaudn ne      0    0eng d</controlfield><controlfield tag="009">5087</controlfield><datafield ind1=" " ind2=" " tag="010"><subfield code="a">sn 86061024 </subfield></datafield><datafield ind1=" " ind2=" " tag="040"><subfield code="a">INP</subfield><subfield code="b">eng</subfield><subfield code="c">INP</subfield></datafield><datafield ind1="1" ind2=" " tag="029"><subfield code="a">AU@</subfield><subfield code="b">000025810443</subfield></datafield><datafield ind1=" " ind2=" " tag="042"><subfield code="a">msc</subfield></datafield><datafield ind1="0" ind2="0" tag="245"><subfield code="a">Fairfield daily ledger and journal and tribune.</subfield></datafield><datafield ind1=" " ind2=" " tag="260"><subfield code="a">Fairfield, Iowa :</subfield><subfield code="b">[s.n.],</subfield><subfield code="c">1923.</subfield></datafield><datafield ind1=" " ind2=" " tag="300"><subfield code="a">1 v. :</subfield><subfield code="b">ill.</subfield></datafield><datafield ind1=" " ind2=" " tag="310"><subfield code="a">Daily (except Saturday)</subfield></datafield><datafield ind1="0" ind2=" " tag="362"><subfield code="a">74th year, no. 84 (Apr. 9, 1923)-74th year, no. 86 (Apr. 11, 1923).</subfield></datafield><datafield ind1=" " ind2=" " tag="500"><subfield code="a">Official paper of Jefferson County.</subfield></datafield><datafield ind1=" " ind2=" " tag="500"><subfield code="a">Originally edited by: Herbert F. McDougal.</subfield></datafield><datafield ind1=" " ind2=" " tag="752"><subfield code="a">United States</subfield><subfield code="b">Iowa</subfield><subfield code="c">Jefferson</subfield><subfield code="d">Fairfield.</subfield></datafield><datafield ind1="0" ind2=" " tag="775"><subfield code="t">Weekly ledger-journal</subfield><subfield code="w">(DLC)sn 86060178</subfield></datafield><datafield ind1="0" ind2="4" tag="780"><subfield code="t">Daily ledger-journal</subfield><subfield code="w">(DLC)sn 86060176</subfield></datafield><datafield ind1="0" ind2="4" tag="780"><subfield code="t">Fairfield tribune (Fairfield, Iowa : 1878)</subfield><subfield code="w">(DLC)sn 86061022</subfield></datafield><datafield ind1="0" ind2="0" tag="785"><subfield code="t">Fairfield daily ledger (Fairfield, Iowa : 1923)</subfield><subfield code="w">(DLC)sn 86063090</subfield></datafield></record>